@manual{manual,
  organization = {TU Dortmund, Fakultät Physik},
  title = {Anleitung zum Versuch V47 Molwärme von Kupfer},
  year = 2018
}

@book{GrossMarx+2018,
author = {Rudolf Gross and Achim Marx},
doi = {doi:10.1515/9783110559187},
url = {https://doi.org/10.1515/9783110559187},
title = {Festkörperphysik},
year = {2018},
publisher = {De Gruyter},
ISBN = {9783110559187}
}